@incollection{Backpropagation,
    author = {Rumelhart, David E. and Hinton, Geoffrey E. and Williams, Ronald J.},
    chapter = {{Learning Representations by Back-propagating Errors}},
    title = {{Neurocomputing: Foundations of Research}},
    editor = {Anderson, James A. and Rosenfeld, Edward},
    year = {1988},
    pages = {696--699},
    numpages = {4},
    publisher = {MIT Press},
    address = {Cambridge, MA, USA},
}

@INPROCEEDINGS{NSL-KDD, 
    author = {M. Tavallaee and E. Bagheri and W. Lu and A. A. Ghorbani}, 
    booktitle = {2009 IEEE Symposium on Computational Intelligence for Security and Defense Applications}, 
    title = {{A detailed analysis of the KDD CUP 99 data set}}, 
    year = {2009}, 
    pages = {1-6}, 
    month = {July},
    location = {Ottawa, ON},
}

@misc{KDDCup,
    Howpublished = {\url{http://kdd.ics.uci.edu/databases/kddcup99/kddcup99.html}},
    Note = {Accessed: 2017-3-10},
    Title = {{KDD Cup 1999 Data}},
}

@misc{OneHotEncoder,
    Howpublished = {\url{http://scikit-learn.org/stable/modules/generated/sklearn.preprocessing.OneHotEncoder.html}},
    Note = {Accessed: 2017-3-10},
    Title = {{sklearn.preprocessing.OneHotEncoder}},
}

@misc{UFLDLAutoencoder,
    howpublished = {\url{http://ufldl.stanford.edu/tutorial/unsupervised/Autoencoders/}},
    Note = {Accessed: 2017-3-3},
    Title = {{Autoencoders}},
}

@misc{Snort,
    howpublished = {\url{https://www.snort.org/}},
    Note = {Accessed: 2017-4-15},
    Title = {{SNORT}},
}

@misc{TensorFlow,
    howpublished = {\url{https://www.tensorflow.org/}},
    Note = {Accessed: 2017-4-15},
    Title = {{TensorFlow: An open-source software library for Machine Intelligence}},
}

@misc{NetLearner,
    howpublished = {\url{https://github.com/littlepretty/NetLearner}},
    Note = {Accessed: 2017-7-14},
    Title = {{NetLearner}},
}

@article{DARPA,
    author = {Lippmann, Richard and Haines, Joshua W. and Fried, David J. and Korba, Jonathan and Das, Kumar},
    title = {{The 1999 DARPA Off-line Intrusion Detection Evaluation}},
    journal = {Computer Networks},
    issue_date = {Oct. 2000},
    volume = {34},
    number = {4},
    month = oct,
    year = {2000},
    pages = {579--595},
    numpages = {17},
    publisher = {Elsevier North-Holland, Inc.},
    address = {New York, NY, USA},
} 

@article{Dropout,
    author = {Srivastava, Nitish and Hinton, Geoffrey and Krizhevsky, Alex and Sutskever, Ilya and Salakhutdinov, Ruslan},
    title = {Dropout: A Simple Way to Prevent Neural Networks from Overfitting},
    journal = {J. Mach. Learn. Res.},
    issue_date = {January 2014},
    volume = {15},
    number = {1},
    month = jan,
    year = {2014},
    issn = {1532-4435},
    pages = {1929--1958},
    numpages = {30},
    publisher = {JMLR.org},
    keywords = {deep learning, model combination, neural networks, regularization},
} 

@article{BatchNorm,
    author    = {Sergey Ioffe and
        Christian Szegedy},
    title     = {Batch Normalization: Accelerating Deep Network Training by Reducing
        Internal Covariate Shift},
    journal   = {CoRR},
    volume    = {abs/1502.03167},
    year      = {2015},
    url       = {http://arxiv.org/abs/1502.03167},
    timestamp = {Mon, 02 Mar 2015 14:17:34 +0100},
    biburl    = {http://dblp.uni-trier.de/rec/bib/journals/corr/IoffeS15},
    bibsource = {dblp computer science bibliography, http://dblp.org}
}

@article{DeepLearning,
    title={Deep learning},
    author={LeCun, Yann and Bengio, Yoshua and Hinton, Geoffrey},
    journal={Nature},
    volume={521},
    number={7553},
    pages={436--444},
    year={2015},
    publisher={Nature Research}
}

@article{DenoiseAE,
    title={Stacked denoising autoencoders: Learning useful representations in a deep network with a local denoising criterion},
    author={Vincent, Pascal and Larochelle, Hugo and Lajoie, Isabelle and Bengio, Yoshua and Manzagol, Pierre-Antoine},
    journal={Journal of Machine Learning Research},
    volume={11},
    number={Dec},
    pages={3371--3408},
    year={2010}
}

@inproceedings{SparseAE,
    author = {Raina, Rajat and Battle, Alexis and Lee, Honglak and Packer, Benjamin and Ng, Andrew Y.},
    title = {Self-taught Learning: Transfer Learning from Unlabeled Data},
    booktitle = {Proceedings of the 24th International Conference on Machine Learning},
    series = {ICML '07},
    year = {2007},
    isbn = {978-1-59593-793-3},
    location = {Corvalis, Oregon, USA},
    pages = {759--766},
    numpages = {8},
    publisher = {ACM},
    address = {New York, NY, USA},
}

@TECHREPORT{RBMTechReport,
    AUTHOR = {Hinton, Geoffrey},
    TITLE = {A practical guide to training restricted Boltzmann machines},
    NUMBER =        {UTML TR-2010-003},
    INSTITUTION =   {Department of Computer Science, University of Toront},
    ADDRESS =       {6 King's College Rd, Toronto},
    NOTE =          {},
    MONTH =         {August},
    YEAR  =         {2010},
    PAGES =         {20},
}

@inproceedings{STL-NIDS,
    title = {A Deep Learning Approach for Network Intrusion Detection System},
    author = {Javaid, Ahmad and Niyaz, Quamar and Sun, Weiqing and Alam, Mansoor},
    booktitle = {Proceedings of the 9th EAI International Conference on Bio-inspired Information and Communications Technologies, New York, NY, USA},
    volume = {35},
    pages = {2126--2132},
    year = {2015}
}

@article{TrainCD,
    author = {Hinton, Geoffrey E.},
    title = {Training Products of Experts by Minimizing Contrastive Divergence},
    journal = {Neural Comput.},
    issue_date = {August 2002},
    volume = {14},
    number = {8},
    month = aug,
    year = {2002},
    issn = {0899-7667},
    pages = {1771--1800},
    numpages = {30},
    publisher = {MIT Press},
    address = {Cambridge, MA, USA},
}

@inproceedings{LOF,
    author = {Breunig, Markus M. and Kriegel, Hans-Peter and Ng, Raymond T. and Sander, J\"{o}rg},
    title = {LOF: Identifying Density-based Local Outliers},
    booktitle = {Proceedings of the 2000 ACM SIGMOD International Conference on Management of Data},
    series = {SIGMOD '00},
    year = {2000},
    location = {Dallas, Texas, USA},
    pages = {93--104},
    numpages = {12},
    publisher = {ACM},
    address = {New York, NY, USA},
    keywords = {database mining, outlier detection},
}

@inbook{ComparativeAnomalyNIDS,
    author = {Aleksandar Lazarevic and Levent Ertoz and Vipin Kumar and Aysel Ozgur and Jaideep Srivastava},
    title = {A Comparative Study of Anomaly Detection Schemes in Network Intrusion Detection},
    booktitle = {Proceedings of the 2003 SIAM International Conference on Data Mining},
    chapter = {},
    pages = {25-36},
}

@article{AnomalyDetectionRBM,
    title = "Network anomaly detection with the restricted Boltzmann machine ",
    journal = "Neurocomputing",
    volume = "122",
    pages = "13--23",
    year = "2013",
    author = "Ugo Fiore and Francesco Palmieri and Aniello Castiglione and Alfredo De Santis",
}

@article{RankingOutliner,
    title = "Unsupervised Network Intrusion Detection Systems: Detecting the Unknown without Knowledge",
    journal = "Computer Communications",
    volume = "35",
    number = "7",
    pages = "772 - 783",
    year = "2012",
    note = "",
    author = "Pedro Casas and Johan Mazel and Philippe Owezarski",
}

@inproceedings{NB-Tree,
    author = {Kohavi, Ron},
    title = {Scaling Up the Accuracy of Naive-Bayes Classifiers: A Decision-tree Hybrid},
    booktitle = {Proceedings of the Second International Conference on Knowledge Discovery and Data Mining},
    series = {KDD'96},
    year = {1996},
    location = {Portland, Oregon},
    pages = {202--207},
    numpages = {6},
    publisher = {AAAI Press},
} 

@Inbook{DecisionTree,
    author="Quinlan, J. Ross",
    editor="Michalski, Ryszard S. and Carbonell, Jaime G. and Mitchell, Tom M.",
    title="Learning Efficient Classification Procedures and Their Application to Chess End Games",
    bookTitle="Machine Learning: An Artificial Intelligence Approach",
    year="1983",
    publisher="Springer Berlin Heidelberg",
    address="Berlin, Heidelberg",
    pages="463--482",
}

@Article{SVM,
    author="Cortes, Corinna and Vapnik, Vladimir",
    title="Support-vector networks",
    journal="Machine Learning",
    year="1995",
    month="Sep",
    day="01",
    volume="20",
    number="3",
    pages="273--297",
}

@ARTICLE{GAN,
   author = {{Goodfellow}, I.~J. and {Pouget-Abadie}, J. and {Mirza}, M. and 
	{Xu}, B. and {Warde-Farley}, D. and {Ozair}, S. and {Courville}, A. and 
	{Bengio}, Y.},
    title = "{Generative Adversarial Networks}",
  journal = {ArXiv e-prints},
archivePrefix = "arXiv",
   eprint = {1406.2661},
 primaryClass = "stat.ML",
 keywords = {Statistics - Machine Learning, Computer Science - Learning},
     year = 2014,
    month = jun,
   adsurl = {http://adsabs.harvard.edu/abs/2014arXiv1406.2661G},
  adsnote = {Provided by the SAO/NASA Astrophysics Data System}
}

@ARTICLE{AC-GAN,
   author = {{Odena}, A. and {Olah}, C. and {Shlens}, J.},
    title = "{Conditional Image Synthesis With Auxiliary Classifier GANs}",
  journal = {ArXiv e-prints},
archivePrefix = "arXiv",
   eprint = {1610.09585},
 primaryClass = "stat.ML",
 keywords = {Statistics - Machine Learning, Computer Science - Computer Vision and Pattern Recognition},
     year = 2016,
    month = oct,
   adsurl = {http://adsabs.harvard.edu/abs/2016arXiv161009585O},
  adsnote = {Provided by the SAO/NASA Astrophysics Data System}
}

@ARTICLE{WideDeepModel,
   author = {{Cheng}, H.-T. and {Koc}, L. and {Harmsen}, J. and {Shaked}, T. and 
	{Chandra}, T. and {Aradhye}, H. and {Anderson}, G. and {Corrado}, G. and 
	{Chai}, W. and {Ispir}, M. and {Anil}, R. and {Haque}, Z. and 
	{Hong}, L. and {Jain}, V. and {Liu}, X. and {Shah}, H.},
    title = "{Wide {\amp} Deep Learning for Recommender Systems}",
  journal = {ArXiv e-prints},
archivePrefix = "arXiv",
   eprint = {1606.07792},
 primaryClass = "cs.LG",
 keywords = {Computer Science - Learning, Computer Science - Information Retrieval, Statistics - Machine Learning},
     year = 2016,
    month = jun,
   adsurl = {http://adsabs.harvard.edu/abs/2016arXiv160607792C},
  adsnote = {Provided by the SAO/NASA Astrophysics Data System}
}

